@book{hanser,
  title={Agile Prozesse: von XP {\"u}ber Scrum bis MAP},
  author={Hanser, Eckhart},
  year={2010},
  publisher={Springer-Verlag}
}

@article{boehm,
  title={A spiral model of software development and enhancement},
  author={Boehm, Barry W},
  journal={Computer},
  volume={21},
  number={5},
  pages={61--72},
  year={1988},
  publisher={IEEE}
}